@misc{DAO1,
	author = {Klint Finley},
	howpublished = {\url{https://www.wired.com/2016/06/50-million-hack-just-showed-dao-human/}},
	month = {Sep},
	title = {A \$50 Million Hack Just Showed That the DAO Was All Too Human | WIRED},
	year = {2016},
	note = {[Online; accessed 16-Oct-2024]}
}

@misc{PeckShield,
	author = {PeckShield},
	howpublished = {\url{https://peckshield.medium.com/alert-new-batchoverflow-bug-in-multiple-erc20-smart-contracts-cve-2018-10299-511067db6536}},
	month = {Apr},
	title = {ALERT: New batchOverflow Bug in Multiple ERC20 Smart Contracts},
	year = {2018},
	note = {[Online; accessed 16-Oct-2024]}
}

@misc{PartiyMultiSig,
	author = {Santiago Palladino},
	howpublished = {\url{https://blog.openzeppelin.com/on-the-parity-wallet-multisig-hack-405a8c12e8f7/}},
	month = {July},
	title = {The Parity Wallet Hack Explained},
	year = {2017},
	note = {[Online; accessed 16-Oct-2024]}
}

@misc{MyEthWallet,
	author = {Kai Sedgwick},
	howpublished = {\url{https://news.bitcoin.com/myetherwallet-servers-are-hijacked-in-dns-attack/}},
	month = {Apr},
	title = {Myetherwallet Servers Are Hijacked},
	year = {2018},
	note = {[Online; accessed 16-Oct-2024]}
}

@misc{ParityFirstHack,
	author = {Haseeb Qureshi},
	howpublished = {\url{https://www.freecodecamp.org/news/a-hacker-stole-31m-of-ether-how-it-happened-and-what-it-means-for-ethereum-9e5dc29e33ce/}},
	month = {Jul},
	title = {A hacker stole \$31M of Ether --- how it happened, and what it means},
	year = {2017},
	note = {[Online; accessed 16-Oct-2024]}
}

@misc{ParitySecondHack,
	author = {Breidenbach, Lorenz and Daian, Phil and Juels, Ari and Gun Sirer, Emin},
	howpublished = {\url{https://hackingdistributed.com/2017/07/22/deep-dive-parity-bug/}},
	month = {Jul},
	title = {An In-Depth Look at the Parity Multisig Bug},
	year = {2017},
	note = {[Online; accessed 16-Oct-2024]}
}

@misc{EthSecServ,
	author = {Huashan Chen, Marcus Pendleton, Laurent Njilla and Shouhuai Xu},
	howpublished = {\url{https://arxiv.org/pdf/1908.04507.pdf}},
	month = {Aug},
	title = {A Survey on Ethereum Systems Security:	Vulnerabilities, Attacks and Defenses},
	year = {2019},
	note = {[Online; accessed 16-Oct-2024]}
}

@misc{MultipleWithdrawal,
	author = {Rahimian, Reza and Eskandari, Shayan and Clark, Jeremy},
	howpublished = {\url{https://arxiv.org/abs/1907.00903}},
	month = {Jul},
	title = {Resolving the Multiple Withdrawal Attack on ERC20 Tokens},
	year = {2019},
	note = {[Online; accessed 16-Oct-2024]}
}

@article{token2021,
	title = {TokenHook: Secure ERC-20 Smart Contract},
	author = {Rahimian, Reza and Clark, Jeremy},
	journal = {arXiv preprint arXiv:2107.02997},
	year = {2021},
	url = {\url{https://arxiv.org/abs/2107.02997}},
	note = {[Online; accessed 16-Oct-2024]}
}

@InProceedings{shortfall,
	author = {Rahimian, Reza and Clark, Jeremy},
	title =	{{A Shortfall in Investor Expectations of Leveraged Tokens}},
	booktitle =	{6th Conference on Advances in Financial Technologies (AFT 2024)},
	pages =	{23:1--23:24},
	series = {Leibniz International Proceedings in Informatics (LIPIcs)},
	ISBN = {978-3-95977-345-4},
	ISSN = {1868-8969},
	year = {2024},
	volume = {316},
	editor = {B\"{o}hme, Rainer and Kiffer, Lucianna},
	publisher =	{Schloss Dagstuhl -- Leibniz-Zentrum f{\"u}r Informatik},
	address = {Dagstuhl, Germany},
	URL = {\url{https://drops.dagstuhl.de/entities/document/10.4230/LIPIcs.AFT.2024.23}},
	URN = {urn:nbn:de:0030-drops-209599},
	doi = {10.4230/LIPIcs.AFT.2024.23},
	annote = {Keywords: crypto-assets, ethereum, leverage, derivatives}
}

@misc{Gartner,
	author = {STAMFORD, Conn.},
	title = {Gartner Predicts 90\% of Current Enterprise Blockchain Platform Implementations Will Require Replacement by 2021},
	howpublished = {\url{https://www.gartner.com/en/newsroom/press-releases/2019-07-03-gartner-predicts-90--of-current-enterprise-blockchain}},
	month = {Jun},
	year = {2019},
	note = {[Online; accessed 16-Oct-2024]}
}

@misc{Reportlinker,
	author = {Reportlinker},
	title = {Blockchain Technology market worldwide is projected to grow by US \$14.3 Billion},
	howpublished = {\url{https://www.globenewswire.com/news-release/2020/05/20/2036593/0/en/Blockchain-Technology-market-worldwide-is-projected-to-grow-by-US-14-3-Billion.html}},
	month = {May},
	year = {2020},
	note = {[Online; accessed 16-Oct-2024]}
}

@misc{builtin2024,
	author = {Lisa Bertagnoli},
	title = {22 Top Blockchain Platforms to Know},
	journal = {Built In},
	year = {2024},
	url = {\url{https://builtin.com/blockchain/blockchain-platforms}},
	note = {[Online; accessed 16-Oct-2024]}
}

@misc{EIP150,
	author = {Wood, Gavin},
	howpublished = {\url{https://ethereum.github.io/yellowpaper/paper.pdf}},
	month = {Mar},
	title = {Ethereum: a secure decentralised generalised transaction ledger},
	year = {2016},
	note = {[Online; accessed 16-Oct-2024]}
}

@Misc{Ethereum_Repo,
	author = {Ethereum},
	title = {{Ethereum project repository}},
	howpublished = {\url{https://github.com/ethereum}},
	month = {May},
	year = {2014},
	note = {[Online; accessed 16-Oct-2024]}
}

@misc{CoinDesk20,
	author = {CoinDesk },
	title = {The CoinDesk 20},
	howpublished = {\url{https://www.coindesk.com/coindesk20}},
	month = {Jul},
	year = {2020},
	note = {[Online; accessed 16-Oct-2024]}
}

@article{SmartContractSecurity,
	author = {Loi Luu and Duc-Hiep Chu and Hrishi Olickel and Prateek Saxena and Aquinas Hobor},
	title = {Making Smart Contracts Smarter},
	year = {2016},
	doi = {DOI://10:1145/2976749:2978309},
	publisher = {ACM},
	issn = {978-1-4503-4139-4/16/10},
	journal = {CCSâ€™16}
}

@misc{TheDAOCoinDesk,
	author = {David Siegel},
	title = {Understanding The DAO Attack},
	howpublished = {\url{https://www.coindesk.com/understanding-dao-hack-journalists}},
	month = {Jun},
	year = {2016},
	note = {[Online; accessed 16-Oct-2024]}
}

@misc{Interface,
	author = {Fabian Vogelsteller, Vitalik Buterin},
	howpublished = {\url{https://github.com/ethereum/ercs/blob/master/ERCS/erc-20.md}},
	month = {Nov},
	title = {ERC-20 Token Standard},
	year = {2015},
	note = {[Online; accessed 16-Oct-2024]}
}

@misc{TokenTracker,
	author = {Token Tracker},
	howpublished = {\url{https://etherscan.io/tokens}},
	month = {Jul},
	title = {ERC-20 Tokens},
	year = {2020},
	note = {[Online; accessed 16-Oct-2024]}
}

@article{MarketsandMarkets2020,
	title = {Blockchain Market Worth \$39.7 Billion by 2025},
	author = {{MarketsandMarkets}},
	journal = {PR Newswire},
	year = {2020},
	howpublished = {\url{https://www.prnewswire.com/news-releases/blockchain-market-worth-39-7-billion-by-2025--exclusive-report-by-marketsandmarkets-301052885.html}},
	note = {[Online; accessed 16-Oct-2024]}
}

@misc{GrandViewResearch2020,
	title = {Blockchain Market Size, Share \& Trends Analysis Report By Type (Public, Private, Hybrid), By Component, By Application, By Enterprise Size, By End-use, By Region, And Segment Forecasts, 2020 - 2027},
	author = {{Grand View Research}},
	year = {2020},
	howpublished = {\url{https://www.grandviewresearch.com/industry-analysis/blockchain-technology-market}},
	note = {[Online; accessed 16-Oct-2024]}
}

@misc{Sristy2021,
	author = {Archana Sristy},
	title = {Blockchain in the food supply chain - What does the future look like?},
	year = {2021},
	howpublished = {\url{https://tech.walmart.com/content/walmart-global-tech/en_us/blog/post/blockchain-in-the-food-supply-chain.html}},
	note = {[Online; accessed 18-Oct-2024]}
}

@misc{XcubeLabs2020,
	title = {Advantages of Blockchain in Healthcare},
	author = {Xcube Labs},
	year = {2020},
	howpublished = {\url{https://www.xcubelabs.com/blog/how-blockchain-will-benefit-the-healthcare-industry-in-2022-and-beyond/}},
	note = {[Online; accessed 16-Oct-2024]}
}

@misc{theblock2024,
	title = {Value Locked by Blockchain},
	author = {The Block},
	year = {2024},
	howpublished = {\url{https://www.theblock.co/data/decentralized-finance/total-value-locked-tvl/value-locked-by-blockchain}},
	note = {[Online; accessed 16-Oct-2024]}
}

@book{antonopoulos2018mastering,
	title = {Mastering Ethereum: Building Smart Contracts and DApps},
	author = {Antonopoulos, Andreas M. and Wood, Gavin},
	year = {2018},
	publisher = {O'Reilly Media, Inc.},
	isbn = {978-1491971949}
}

@article{daian2020flash,
	title = {Flash Boys 2.0: Frontrunning, Transaction Reordering, and Consensus Instability in Decentralized Exchanges},
	author = {Daian, Philip and Goldfeder, Steven and Kell, Tyler and Li, Yunqi and Zhao, Xueyuan and Bentov, Iddo and Breidenbach, Lorenz and Juels, Ari},
	journal = {IEEE Security and Privacy on the Blockchain (IEEE S\&B)},
	year = {2020},
	url = {\url{https://arxiv.org/abs/1904.05234}}
}

@inproceedings{zhou2020high,
	title = {High-Frequency Trading on Decentralized On-Chain Exchanges},
	author = {Zhou, Jiahao and Johnson, Rob and Vasudevan, Vijay},
	booktitle = {17th {USENIX} Symposium on Networked Systems Design and Implementation ({NSDI} 20)},
	year = {2020},
	pages = {517--530}
}

@misc{ethereum_mev_pos,
	author = {{Ethereum Foundation}},
	title = {Maximal Extractable Value in Proof-of-Stake Ethereum},
	year = {2023},
	howpublished = {\url{https://ethereum.org/en/developers/docs/mev/}},
	note = {[Online; accessed 16-Oct-2024]}
}

@misc{AttackVector,
	author = {Mikhail Vladimirov},
	title = {{Attack vector on ERC20 API (approve/transferFrom methods) and suggested improvements}},
	howpublished = {\url{https://github.com/ethereum/EIPs/issues/20\#issuecomment-263524729}},
	month = nov,
	year = {2016},
	note = {[Online; accessed 18-Dec-2018]},
}

@misc{Resolution,
	author = {Tom Hale},
	title = {{Resolution on the EIP20 API Approve / TransferFrom multiple withdrawal attack \#738}},
	howpublished = {\url{https://github.com/ethereum/EIPs/issues/738}},
	month = {Oct},
	year = {2017},
	note = {[Online; accessed 5-Dec-2018]},
}

@article{eskandari2019sok,
	author = {Eskandari, Shayan and Moosavi, Seyedehmahsa and Clark, Jeremy},
	title = {SoK: Transparent Dishonesty: front-running attacks on Blockchain},
	journal = {International Conference on Financial Cryptography and Data Security},
	organization = {Springer},
	year = {2019}
}

@misc{OpenZeppelin_Token,
	author = {OpenZeppelin},
	title = {{openzeppelin-solidity}},
	howpublished = {\url{https://github.com/OpenZeppelin/openzeppelin-solidity/blob/master/contracts/token/ERC20/ERC20.sol}},
	month = dec,
	year = {2018},
	note = {[Online; accessed 23-Dec-2018]},
}

@misc{ConsenSys_Token,
	author = {ConsenSys},
	title = {{ConsenSys/Tokens}},
	howpublished = {\url{https://github.com/ConsenSys/Tokens/blob/fdf687c69d998266a95f15216b1955a4965a0a6d/contracts/eip20/EIP20.sol}},
	month = apr,
	year = {2018},
	note = {[Online; accessed 24-Dec-2018]},
}

@misc{CompareSwap,
	author = {Wikipedia},
	title = {{Compare-and-swap}},
	howpublished = {\url{https://en.wikipedia.org/wiki/Compare-and-swap}},
	month = jul,
	year = {2018},
	note = {[Online; accessed 10-Dec-2018]},
}

@inproceedings{fenu2018ico,
	title = {The ICO phenomenon and its relationships with ethereum smart contract environment},
	author = {Fenu, Gianni and Marchesi, Lodovica and Marchesi, Michele and Tonelli, Roberto},
	booktitle = {2018 International Workshop on Blockchain Oriented Software Engineering (IWBOSE)},
	pages = {26--32},
	year = {2018},
	organization = {IEEE}
}

@misc{OpenZeppelin1,
	author = {Roan, Alex},
	howpublished = {\url{https://medium.com/better-programming/7-openzeppelin-contracts-you-should-always-use-5ba2e7953cc4}},
	month = {Apr},
	title = {7 OpenZeppelin Contracts You Should Always Use},
	year = {2020}}

@misc{OpenZeppelin2,
	author = {Zalecki, Michal},
	howpublished = {\url{https://www.tooploox.com/blog/create-and-distribute-your-erc20-token-with-openzeppelin}},
	month = {Aug},
	title = {Create and distribute your ERC20 token with OpenZeppelin},
	year = {2018}
}

@misc{OpenZeppelin3,
	author = {Quintal, Josh},
	howpublished = {\url{https://www.trufflesuite.com/tutorials/robust-smart-contracts-with-openzeppelin}},
	month = {Aug},
	title = {Building robust smart contracts with openzeppelin},
	year = {2017}
}

@inproceedings{FSA97,
	author = {S. {Forrest} and A. {Somayaji} and D. H. {Ackley}},
	booktitle = {Proceedings. The Sixth Workshop on Hot Topics in Operating Systems (Cat. No.97TB100133)},
	date-added = {2020-12-23 12:07:56 -0500},
	date-modified = {2020-12-23 12:08:04 -0500},
	doi = {10.1109/HOTOS.1997.595185},
	pages = {67-72},
	title = {Building diverse computer systems},
	year = {1997},
	Bdsk-Url-1 = {\url{https://doi.org/10.1109/HOTOS.1997.595185}}
}

@article{FHS97,
	address = {New York, NY, USA},
	author = {Forrest, Stephanie and Hofmeyr, Steven A. and Somayaji, Anil},
	date-added = {2020-12-23 12:06:20 -0500},
	date-modified = {2020-12-23 12:06:36 -0500},
	doi = {10.1145/262793.262811},
	issn = {0001-0782},
	issue_date = {Oct. 1997},
	journal = {Commun. ACM},
	month = oct,
	number = {10},
	numpages = {9},
	pages = {88--96},
	publisher = {Association for Computing Machinery},
	title = {Computer Immunology},
	howpublished = {\url{https://doi.org/10.1145/262793.262811}},
	volume = {40},
	year = {1997},
	Bdsk-Url-1 = {\url{https://doi.org/10.1145/262793.262811}}
}

@misc{TokenBug,
	author = {Cremer, Lukas},
	howpublished = {\url{https://medium.com/coinmonks/missing-return-value-bug-at-least-130-tokens-affected-d67bf08521ca}},
	month = {Jun},
	title = {Missing return value bug --- At least 130 tokens affected},
	year = {2018}
}

@misc{SolidtySecBlog,
	author = {Age Manning},
	howpublished = {\url{https://github.com/sigp/solidity-security-blog}},
	month = {Nov},
	title = {Comprehensive list of known attack vectors and common anti-patterns},
	year = {2019}
}

@misc{SoliditySecCon,
	author = {Solidity documentation},
	howpublished = {\url{https://solidity.readthedocs.io/en/latest/security-considerations.html}},
	month = {Jan},
	title = {Security Considerations},
	year = {2020}
}

@misc{ConsensysSecCon,
	author = {ConsenSys Diligence},
	howpublished = {\url{https://consensys.github.io/smart-contract-best-practices/}},
	month = {Jan},
	title = {Ethereum Smart Contract Security Best Practices},
	year = {2020}
}

@misc{LandoKL,
	author = {Guy Lando},
	howpublished = {\url{https://github.com/guylando/KnowledgeLists/blob/master/EthereumSmartContracts.md}},
	month = {May},
	title = {Guy Lando's knowledge list},
	year = {2019}
}

@misc{OrderingAttack,
	author = {Coverdale, Chris},
	howpublished = {\url{https://medium.com/coinmonks/solidity-transaction-ordering-attacks-1193a014884e}},
	month = {Mar},
	title = {Transaction-Ordering Attacks},
	year = {2018}
}

@misc{CEI,
	author = {Solidty Documentation},
	howpublished = {\url{https://docs.soliditylang.org/en/latest/security-considerations.html\#use-the-checks-effects-interactions-pattern}},
	month = {Aug},
	title = {Checks Effects Interactions Pattern},
	year = {2020}
}

@misc{WiKiMutex,
	author = {wikipedia},
	title = {Mutual exclusion},
	howpublished = {\url{https://en.wikipedia.org/wiki/Mutual_exclusion}},
	month = {Jan},
	year = {2019}
}

@misc{EIP1884,
	author = {Holst Swende, Martin},
	howpublished = {\url{https://github.com/ethereum/EIPs/blob/master/EIPS/eip-1884.md}},
	month = {Mar},
	title = {Repricing for trie-size-dependent opcodes},
	year = {2019}
}

@misc{TokenBP,
	author = {ConsenSys Diligence},
	howpublished = {\url{https://consensys.github.io/smart-contract-best-practices/tokens/}},
	month = {Mar},
	title = {Token Implementation Best Practice},
	year = {2020}
}

@misc{AuditTools,
	author = {di Angelo, Monika and Salzer, Gernot},
	howpublished = {\url{https://publik.tuwien.ac.at/files/publik_278277.pdf}},
	month = {Aug},
	title = {A Survey of Tools for Analyzing Ethereum Smart Contracts},
	year = {2019}
}

@misc{EYTool,
	author = {EY},
	howpublished = {\url{https://review-tool.blockchain.ey.com}},
	month = {Sep},
	title = {Token Review},
	year = {2019}
}

@misc{SMARTCHECK,
	author = {SmartDec},
	howpublished = {\url{https://tool.smartdec.net/knowledge}},
	month = {Sep},
	title = {Knowledge-base},
	year = {2018}
}

@misc{MythX,
	author = {ConsenSys},
	howpublished = {\url{https://mythx.io/swc-coverage/}},
	month = {Nov},
	title = {MythX SWC coverage},
	year = {2019}
}

@misc{ContractGuard,
	author = {GuardStrike},
	howpublished = {\url{https://contract.guardstrike.com/#/knowledge}},
	month = {Mar},
	title = {ContractGuard knowledge-base},
	year = {2020}
}

@misc{SlitherSetup,
	author = {Josselin, Feist},
	howpublished = {\url{https://blog.trailofbits.com/2018/10/19/slither-a-solidity-static-analysis-framework/}},
	month = {Oct},
	title = {Slither -- a Solidity static analysis framework},
	year = {2018}
}

@misc{Odin,
	author = {Sooho},
	howpublished = {\url{https://odin.sooho.io/}},
	month = {Mar},
	title = {Verify a smart contract},
	year = {2020}
}

@misc{SlitherDoc,
	author = {Josselin, Feist},
	howpublished = {\url{https://github.com/crytic/slither/wiki/Detector-Documentation}},
	month = {Mar},
	title = {Slither -- Detector Documentation},
	year = {2020}
}

@misc{SECURIFYGIT,
	author = {Tsankov, Petar},
	howpublished = {\url{https://github.com/eth-sri/securify2}},
	month = {Jan},
	title = {Securify v2.0},
	year = {2020}
}

@misc{LibertyReserve,
	author = {Wikipedia},
	howpublished = {\url{https://en.wikipedia.org/wiki/Liberty_Reserve}},
	month = {Jun},
	title = {Liberty Reserve},
	year = {2020}
}

@misc{TON,
	author = {Durov, Pavel},
	howpublished = {\url{https://telegra.ph/What-Was-TON-And-Why-It-Is-Over-05-12}},
	month = {May},
	title = {What Was TON And Why It Is Over},
	year = {2020}
}

@misc{TokenScope,
	author = {Chen, Ting and Zhang, Zhang and Li, Zihao},
	howpublished = {\url{http://www4.comp.polyu.edu.hk/~csxluo/TokenScope.pdf}},
	month = {Nov},
	title = {TokenScope: Automatically Detecting Inconsistent Behaviors of Cryptocurrency Tokens in Ethereum},
	year = {2019}
}

@misc{SECURIFY,
	author = {Tsankov, Petar and Dan, Andrei and Drachsler-Cohen, Dana and Gervais, Arthur},
	title = {Securify: Practical Security Analysis of Smart Contracts},
	howpublished = {\url{https://arxiv.org/pdf/1806.01143.pdf}},
	month = {Aug},
	year = {2018}
}

@misc{SWC,
	author = {ConsenSys},
	title = {SWC Registry},
	howpublished = {\url{https://swcregistry.io}},
	month = {May},
	year = {2020}
}

@misc{VulExp,
	author = {Perez, Daniel and Livshits, Benjamin},
	howpublished = {\url{https://www.usenix.org/system/files/sec21summer_perez.pdf}},
	month = {Aug},
	title = {Smart Contract Vulnerabilities: Vulnerable Does Not Imply Exploited},
	year = {2018}
}


@misc{Investo_Liquidity,
	author = {Adam Hayes},
	howpublished = {\url{https://www.investopedia.com/terms/l/liquidity.asp}},
	title = {Understanding Liquidity and How to Measure It},
	note = {[Online; accessed 18-Dec-2023]},
	year = {2023},
	month = {Sep}
}

@misc{Investo_LongShort,
	author = {Leslie Kramer},
	howpublished = {\url{https://www.investopedia.com/ask/answers/100314/whats-difference-between-long-and-short-position-market.asp}},
	title = {Long Position vs. Short Position: What's the Difference?},
	note = {[Online; accessed 24-Mar-2024]},
	year = {2024},
	month = {Feb}
}

@misc{FT_LETF,
	author = {Financial Times},
	howpublished = {\url{https://www.usa.gov/agencies/securities-and-exchange-commission}},
	title = {Investors pump record sums into leveraged ETFs},
	note = {[Online; accessed 19-Feb-2024]},
	year = {2022},
	month = {Nov}
}

@article{shum2016intraday,
	title = {Intraday share price volatility and leveraged ETF rebalancing},
	author = {Shum, Pauline and Hejazi, Walid and Haryanto, Edgar and Rodier, Arthur},
	journal = {Review of Finance},
	volume = {20},
	number = {6},
	pages = {2379--2409},
	year = {2016},
	publisher = {Oxford University Press}
}

@article{devault2021blessing,
	title = {Blessing or curse? Institutional investment in leveraged ETFs},
	author = {DeVault, Luke and Turtle, Harry J and Wang, Kainan},
	journal = {Journal of Banking \& Finance},
	volume = {129},
	pages = {106169},
	year = {2021},
	publisher = {Elsevier}
}

@misc{TradingVolume,
	author = {Sunflower Corporation},
	howpublished = {\url{https://medium.com/coinmonks/what-are-leveraged-tokens-639fb186744a}},
	title = {What are leveraged tokens?},
	note = {[Online; accessed 09-Jun-2023]},
	year = {2022},
	month = {Aug}
}

@inproceedings{werner2022sok,
	title = {Sok: Decentralized finance (defi)},
	author = {Werner, Sam and Perez, Daniel and Gudgeon, Lewis and Klages-Mundt, Ariah and Harz, Dominik and Knottenbelt, William},
	booktitle = {Proceedings of the 4th ACM Conference on Advances in Financial Technologies},
	pages = {30--46},
	year = {2022}
}

@misc{AscendEX_Guide,
	author = {AscendEX},
	howpublished = {\url{https://ascendex.com/en/support/articles/68525-about-ascendexs-leveraged-token-trading-mechanism}},
	title = {About AscendEXâ€™s Leveraged Token Trading Mechanism},
	note = {[Online; accessed 07-May-2023]},
	year = {2023},
	month = {May}
}

@misc{MEXC_Guide,
	author = {MEXC Global},
	howpublished = {\url{https://support.mexc.com/hc/en-001/articles/360038986011-Guide-to-Leveraged-ETF}},
	title = {Guide to Leveraged ETF},
	note = {[Online; accessed 07-May-2023]},
	year = {2023},
	month = {May}
}

@misc{Binance_Guide,
	author = {Binance},
	howpublished = {\url{https://www.binance.com/en/leveraged-tokens/agreement}},
	title = {Binance Leveraged Tokens Agreement},
	note = {[Online; accessed 07-May-2023]},
	year = {2023},
	month = {May}
}

@misc{ByBit_Guide,
	author = {ByBit},
	howpublished = {\url{https://learn.bybit.com/trading/bybit-leveraged-tokens-explained/}},
	title = {Bybit Leveraged Tokens: A Complete Get Started Guide},
	note = {[Online; accessed 07-May-2023]},
	year = {2023},
	month = {May}
}

@misc{ByDFi_Guide,
	author = {ByDFi},
	howpublished = {\url{https://support.bydfi.com/hc/en-us/articles/5692456018319-What-are-Leveraged-Tokens-}},
	title = {What are Leveraged Tokens?},
	note = {[Online; accessed 07-May-2023]},
	year = {2023},
	month = {May}
}

@misc{FTX_Guide,
	author = {Poloniex},
	howpublished = {\url{https://support.poloniex.com/hc/en-us/articles/360045644653-FTX-Leveraged-Tokens-FAQ}},
	title = {FTX Leveraged Tokens FAQ},
	note = {[Online; accessed 07-May-2023]},
	year = {2023},
	month = {May}
}

@misc{GateIO_Guide,
	author = {Gateway To Crypto},
	howpublished = {\url{https://www.gate.io/etf}},
	title = {ETF Leveraged Tokens},
	note = {[Online; accessed 07-May-2023]},
	year = {2023},
	month = {May}
}

@misc{KuCoin_Guide,
	author = {KuCoin},
	howpublished = {\url{https://www.kucoin.com/support/sections/6024431447321}},
	title = {Leveraged Token Trading Guide},
	note = {[Online; accessed 07-May-2023]},
	year = {2023},
	month = {May}
}

@misc{Pionex_Guide,
	author = {Pionex},
	howpublished = {\url{https://www.pionex.com/blog/what-arepionex-leveraged-tokens/}},
	title = {What are Pionex Leveraged Tokens},
	note = {[Online; accessed 07-May-2023]},
	year = {2023},
	month = {May}
}

@inproceedings{zhou2021high,
	title = {High-frequency trading on decentralized on-chain exchanges},
	author = {Zhou, Liyi and Qin, Kaihua and Torres, Christof Ferreira and Le, Duc V and Gervais, Arthur},
	booktitle = {2021 IEEE Symposium on Security and Privacy (SP)},
	pages = {428--445},
	year = {2021},
	organization = {IEEE}
}

@inproceedings{baum2022sok,
	title = {Sok: Mitigation of front-running in decentralized finance},
	author = {Baum, Carsten and Hsin-yu Chiang, James and David, Bernardo and Frederiksen, Tore Kasper and Gentile, Lorenzo},
	booktitle = {International Conference on Financial Cryptography and Data Security},
	pages = {250--271},
	year = {2022},
	organization = {Springer}
}

@misc{Investo_FrontRunning,
	author = {Cory Mitchell},
	howpublished = {\url{https://www.investopedia.com/terms/f/frontrunning.asp}},
	title = {Front-Running Definition, Example, and Legality},
	note = {[Online; accessed 28-May-2023]},
	year = {2022},
	month = {May}
}

@article{loviscek2014leveraged,
	title = {Do leveraged exchange-traded products deliver their stated multiples?},
	author = {Loviscek, Anthony and Tang, Hongfei and Xu, Xiaoqing Eleanor},
	journal = {Journal of Banking \& Finance},
	volume = {43},
	pages = {29--47},
	year = {2014},
	publisher = {Elsevier}
}

@misc{Pionex,
	author = {Pionex},
	howpublished = {\url{https://www.pionex.com/blog/what-arepionex-leveraged-tokens/}},
	title = {Leveraged Tokens},
	note = {[Online; accessed 03-May-2023]},
	year = {2023},
	month = {May}
}

@misc{Pseudo,
	author = {Cloud Security Alliance},
	howpublished = {\url{https://cloudsecurityalliance.org/blog/2019/11/25/what-s-a-pseudo-cryptocurrency/}},
	title = {What is a Pseudo Cryptocurrency?},
	note = {[Online; accessed 16-May-2023]},
	year = {2019},
	month = {Nov}
}

@misc{Investo_OpenEnd,
	author = {James Chen},
	howpublished = {\url{https://www.investopedia.com/terms/o/open-endfund.asp}},
	title = {Open-Ended Fund: Definition, Example, Pros and Cons},
	note = {[Online; accessed 02-Jun-2023]},
	year = {2021},
	month = {Dec}
}

@misc{Pionex_Binance,
	author = {Pionex},
	howpublished = {\url{https://pionex.zendesk.com/hc/en-us/articles/900007639683-Pionex-will-terminate-Futures-manual-trading-since-2021-6-30}},
	title = {Pionex will terminate Futures manual trading since 2021/6/30},
	note = {[Online; accessed 15-May-2023]},
	year = {2023},
	month = {May}
}

@misc{KuCoin_Leverage,
	author = {KuCoin},
	howpublished = {\url{https://www.kucoin.com/support/18437931016857}},
	title = {KuCoin ETF Dynamic Multiplier Leveraged Tokens},
	note = {[Online; accessed 05-Jun-2023]},
	year = {2022},
	month = {Nov}
}

@misc{ETFDB,
	author = {FactSet Research Systems},
	howpublished = {\url{https://etfdb.com/etfs/leveraged/}},
	title = {Leveraged ETF List},
	note = {[Online; accessed 20-Apri-2024]},
	year = {2024},
	month = {Apr}
}

@inproceedings{ansari2020implementation,
	title = {Implementation of ethereum request for comment (ERC20) Token},
	author = {Ansari, Khalid Husain and Kulkarni, Umesh},
	booktitle = {Proceedings of the 3rd International Conference on Advances in Science \& Technology (ICAST)},
	year = {2020}
}

@inproceedings{shirole2020cryptocurrency,
	title = {Cryptocurrency token: An overview},
	author = {Shirole, Mahesh and Darisi, Maneesh and Bhirud, Sunil},
	booktitle = {IC-BCT 2019: Proceedings of the International Conference on Blockchain Technology},
	pages = {133--140},
	year = {2020},
	organization = {Springer}
}

@misc{IndexCoop_FLI_01,
	author = {Index Coop},
	howpublished = {\url{https://indexcoop.com/blog/how-composability-powers-fli-tokens}},
	title = {How Composability Powers FLI Tokens},
	note = {[Online; accessed 17-May-2023]},
	year = {2021},
	month = {Sep}
}

@misc{NotionalValue,
	author = {Akhilesh Ganti},
	howpublished = {\url{https://www.investopedia.com/terms/n/notionalvalue.asp}},
	title = {Understanding Notional Value and How It Works},
	note = {[Online; accessed 17-Mar-2024]},
	year = {2024},
	month = {Feb}
}

@misc{FLI_Sets,
	author = {Index Coop},
	title = {Set Protocol v2},
	year = 2023,
	howpublished = {\url{https://docs.indexcoop.com/index-coop-community-handbook/protocol/set-protocol-v2}},
	note = {[Online; accessed 04-Oct-2024]}
}

@misc{FLI_Restricted,
	author = {The Index Coop},
	howpublished = {\url{https://indexcoop.com/tokens-restricted-for-restricted-persons}},
	title = {Tokens Restricted for Restricted Persons},
	note = {[Online; accessed 29-Aug-2024]},
	year = 2024,
	month = May
}

@misc{FLI_Shortage,
	author = {Abhishek Punia},
	title = {Price Alert: ETH2x-FLI Premium Due to Supply Shortage},
	howpublished = {\url{https://indexcoop.com/blog/eth2x-fli-price-alert-240521}},
	note = {[Online; accessed 29-Aug-2024]},
	year = 2021,
	month = May
}

@misc{Contango_Blog,
	author = {Jungruethai Songthammakul},
	howpublished = {\url{https://blog.alphaventuredao.io/alpha-incubate-introduces-contango-the-first-dex-to-bring-expirable-futures-to-defi}},
	title = {Alpha Incubate Introduces Contango, the First DEX to Bring Expirable Futures to DeFi},
	note = {[Online; accessed 27-Sep-2024]},
	year = 2023,
	month = Feb
}

@misc{Contango_Doc,
	author = {Contango Documentation},
	howpublished = {\url{https://docs.contango.xyz}},
	title = {What is Contango?},
	note = {[Online; accessed 30-Aug-2024]},
	year = 2021,
	month = May
}

@misc{Contango_Medium,
	author = {Kamel Aouane},
	howpublished = {\url{https://medium.com/contango-xyz/why-you-should-trade-on-leverage-using-money-markets-93b988fc69ec}},
	title = {Why you should trade on leverage using money markets},
	note = {[Online; accessed 30-Aug-2024]},
	year = 2024,
	month = Feb
}

@inproceedings{seyhan2023nft,
	title = {NFT Primary Sale Price and Secondary Sale Prediction via Deep Learning},
	author = {Seyhan, Betul and Sefer, Emre},
	booktitle = {Proceedings of the Fourth ACM International Conference on AI in Finance},
	year = 2023,
	doi = {10.1145/3604237.3626896}
}

@misc{Contango_Faq,
	author = {Contango Documentation},
	howpublished = {\url{https://docs.contango.xyz/resources/faq}},
	title = {FAQ},
	note = {[Online; accessed 27-Sep-2024]},
	year = 2024,
	month = Aug
}

@article{chiu2023fragility,
	title = {On the Fragility of DeFi Lending},
	author = {Chiu, Jonathan and Ozdenoren, Emre and Yuan, K. and Zhang, Shengxing},
	journal = {SSRN Electronic Journal},
	year = 2023,
	doi = {10.2139/ssrn.4328481}
}

@misc{Cube_Github,
	author = {Charm Finance, Max},
	howpublished = {\url{https://github.com/charmfinance/cube-protocol}},
	title = {Cube Tokens},
	note = {[Online; accessed 22-Aug-2024]},
	year = 2021,
	month = Mar
}

@misc{Cube_Faq,
	author = {Charm Finance},
	howpublished = {\url{https://learn.charm.fi/charm-finance/previous-products-1/overview-1/faq}},
	title = {Cube Tokens FAQ},
	note = {[Online; accessed 24-Aug-2024]},
	year = 2021,
	month = Mar
}

@misc{Squeeth_Doc,
	author = {Opyn Documentation},
	howpublished = {\url{https://opyn.gitbook.io/opyn-hub}},
	title = {Opyn Document Hub},
	note = {[Online; accessed 27-Sep-2024]},
	year = 2024,
	month = Jan
}

@misc{Squeeth_Medium,
	author = {Wade Prospere},
	howpublished = {\url{https://medium.com/opyn/squeeth-primer-a-guide-to-understanding-opyns-implementation-of-squeeth-a0f5e8b95684}},
	title = {Squeeth Primer: a guide to understanding Opynâ€™s implementation of Squeeth},
	note = {[Online; accessed 13-Sep-2024]},
	year = 2022,
	month = Jan
}

@misc{Coinglass_Funding,
	author = {Coinglass},
	howpublished = {\url{https://www.coinglass.com/FundingRate}},
	title = {Funding Rates For Perpetual Swaps},
	note = {[Online; accessed 29-Sep-2024]},
	year = 2024,
	month = Sep
}

@misc{Squeeth_Funding,
	author = {Opyn},
	howpublished = {\url{https://squeeth.opyn.co/squeeth}},
	title = {Historical Daily Premium},
	note = {[Online; accessed 29-Sep-2024]},
	year = 2024,
	month = Sep
}

@book{bulkowski2011encyclopedia,
	title = {Encyclopedia of Chart Patterns},
	author = {Bulkowski, Thomas N.},
	year = 2011,
	edition = {2nd},
	publisher = {John Wiley \& Sons},
	address = {Hoboken, NJ}
}

@book{edwards2007technical,
	title = {Technical Analysis of Stock Trends},
	author = {Edwards, Robert D. and Magee, John},
	year = 2007,
	edition = {9th},
	publisher = {CRC Press},
	address = {Boca Raton, FL}
}

@misc{Squeeth_Restricted,
	author = {Opyn Documentation},
	howpublished = {\url{https://squeeth.opyn.co/terms-of-service?ct = CA}},
	title = {Opyn User Terms of Service},
	note = {[Online; accessed 13-Sep-2024]},
	year = 2024,
	month = Jul
}

@misc{Toros_Doc,
	author = {Toros Documentation},
	howpublished = {\url{https://docs.toros.finance/leveraged-tokens/leveraged-tokens-overview}},
	title = {Leveraged Tokens Overview},
	note = {[Online; accessed 10-Sep-2024]},
	year = 2024,
	month = Jun
}

@misc{dHEDGE_Design,
	author = {dHEDGE},
	howpublished = {\url{https://docs.dhedge.org/dhedge-protocol/technical-architecture}},
	title = {Technical Architecture},
	note = {[Online; accessed 28-Sep-2024]},
	year = 2024,
	month = Mar
}

@misc{TLX_Doc1,
	author = {TLX Documentation},
	howpublished = {\url{https://docs.tlx.fi/basics/how-leveraged-tokens-work/synthetix-perps-engine}},
	title = {Synthetix Perps Engine},
	note = {[Online; accessed 27-Sep-2024]},
	year = 2024,
	month = May
}

@misc{TLX_Doc2,
	author = {TLX Documentation},
	howpublished = {\url{https://docs.tlx.fi/basics/how-leveraged-tokens-work/effects-of-rebalancing}},
	title = {Effects of rebalancing},
	note = {[Online; accessed 27-Sep-2024]},
	year = 2024,
	month = May
}

@misc{TLX_Audit,
	author = {yAudit},
	howpublished = {\url{https://tlx.fi/tlx-audit.pdf}},
	title = {TLX Review},
	note = {[Online; accessed 29-Sep-2024]},
	year = 2024,
	month = Mar
}

@article{fung2000intraday,
	title = {Intraday price reversals for index futures in the US and Hong Kong},
	author = {Fung, Alexander Kwok-Wah and Mok, D. Y. and Lam, K.},
	journal = {Journal of Banking and Finance},
	volume = {24},
	pages = {1179--1201},
	year = {2000},
	doi = {10.1016/S0378-4266(99)00072-2}
}

@misc{Slither,
	author = {Trail of Bits},
	howpublished = {\url{https://github.com/crytic/slither}},
	title = {Slither, the Solidity source analyzer},
	note = {[Online; accessed 08-Jun-2023]},
	year = 2023,
	month = Jan
}

@misc{SEC_Oversight,
	author = {U.S. Securities and Exchange Commission},
	howpublished = {\url{https://www.sec.gov/resources-for-investors/investor-alerts-bulletins/updated-investor-bulletin-leveraged-inverse-etfs}},
	title = {Updated Investor Bulletin: Leveraged and Inverse ETFs},
	note = {[Online; accessed 17-Aug-2024]},
	year = 2023,
	month = Aug
}

@misc{Aave_Arc,
	author = {Daniel Evans},
	howpublished = {\url{https://www.fireblocks.com/blog/permissioned-defi-goes-live-with-aave-arc-fireblocks}},
	title = {Permissioned DeFi goes live with Aave Arc + Fireblocks},
	note = {[Online; accessed 27-Sep-2024]},
	year = 2022,
	month = Jan
}

@article{Gangwal_2022,
	title = {A Survey of Layer-Two Blockchain Protocols},
	author = {Ankit Gangwal and Haripriya Ravali Gangavalli and Apoorva Thirupathi},
	journal = {J. Netw. Comput. Appl.},
	volume = {209},
	pages = {103539},
	year = 2022,
	doi = {10.48550/arXiv.2204.08032}
}

@inproceedings{hughes2021multicall,
	title = {MultiCall: A Transaction-batching Interpreter for Ethereum},
	author = {Hughes, William and Russo, Alejandro and Schneider, G.},
	booktitle = {Proceedings of the 3rd ACM International Symposium on Blockchain and Secure Critical Infrastructure},
	pages = {1-3},
	year = 2021,
	doi = {10.1145/3457337.3457839}
}

@misc{Slither_Doc,
	author = {Trail of Bits},
	title = {Slither: Solidity Static Analysis Framework},
	howpublished = {\url{https://github.com/crytic/slither}},
	note = {[Online; accessed 08-Jun-2024]},
	year = 2018
}

@misc{MythX_Doc,
	author = {ConsenSys Diligence},
	title = {MythX: Security Analysis for Ethereum Smart Contracts},
	howpublished = {\url{https://docs.mythx.io/}},
	note = {[Online; accessed 08-Jun-2024]},
	year = 2019
}

@misc{EIP-1884,
	author = {Ethereum Foundation},
	howpublished = {\url{https://eips.ethereum.org/EIPS/eip-1884}},
	title = {EIP-1884: Repricing for trie-size-dependent opcodes},
	note = {[Online; accessed 08-Jun-2023]},
	year = 2019,
	month = Mar
}

@misc{ReentrancyGuard,
	author = {Ernesto Garcia},
	howpublished = {\url{https://github.com/OpenZeppelin/openzeppelin-contracts/blob/master/contracts/security/ReentrancyGuard.sol}},
	title = {Reentrancy Guard},
	note = {[Online; accessed 08-Jun-2023]},
	year = 2023,
	month = Jun
}

@misc{Reentrancy,
	author = {Consensys},
	howpublished = {\url{https://consensys.github.io/smart-contract-best-practices/attacks/reentrancy/}},
	title = {Reentrancy},
	note = {[Online; accessed 08-Jun-2023]},
	year = 2021,
	month = Oct
}

@misc{SolidityModifer,
	author = {Smart Contract Engineer},
	howpublished = {\url{https://solidity-by-example.org/function-modifier/}},
	title = {Function Modifier},
	note = {[Online; accessed 08-Jun-2023]},
	year = 2019,
	month = Oct
}

@misc{Foundry_Doc,
	title = {Foundry Book},
	author = {Foundry},
	year = 2024,
	howpublished = {\url{https://book.getfoundry.sh/}},
	note = {[Online; accessed 07-Jun-2024]}
}

@misc{Foundry_Anvil,
	title = {Anvil Reference - Foundry Book},
	author = {Foundry},
	year = 2024,
	howpublished = {\url{https://book.getfoundry.sh/reference/anvil/}},
	note = {[Online; accessed 07-Jun-2024]}
}

@article{dailycoin2024,
	title = {Types of Layer 2: Comparing Different Ethereum Scaling Solutions},
	author = {DailyCoin},
	year = 2024,
	journal = {DailyCoin},
	howpublished = {\url{https://dailycoin.com/types-of-layer-2-comparing-different-ethereum-scaling-solutions/}},
	note = {[Online; accessed 03-Oct-2024]}
}

@misc{BitMEX_Funding,
	author = {BitMEX Documentation},
	howpublished = {\url{https://www.bitmex.com/app/perpetualContractsGuide}},
	title = {Perpetual Contracts Guide},
	note = {[Online; accessed 8-Sep-2024]},
	year = 2024,
	month = Jul
}

@misc{Binance_Funding,
	author = {Binance Documentation},
	howpublished = {\url{https://www.binance.com/en/support/faq/introduction-to-binance-futures-funding-rates-360033525031}},
	title = {Introduction to Binance Futures Funding Rates},
	note = {[Online; accessed 31-Aug-2024]},
	year = 2019,
	month = Sep
}

@misc{Poloniex_FundingFee,
	author = {Poloniex},
	howpublished = {\url{https://medium.com/poloniex/what-is-a-funding-rate-257e4cbeefe0}},
	title = {What is a funding rate?},
	note = {[Online; accessed 20-May-2023]},
	year = {2022},
	month = {Nov}
}

@misc{cme2020contango,
	title = {What is Contango and Backwardation},
	author = {CME Group and others},
	year = {2020},
	howpublished = {\url{https://www.cmegroup.com/education/}}
}

@article{abd2019contango,
	title = {On contango, backwardation, and seasonality in index futures},
	author = {Abd Wahab, Mohd Asraf and Mohamad, Azhar and Sifat, Imtiaz},
	journal = {The Journal of Private Equity},
	volume = {22},
	number = {2},
	pages = {69--82},
	year = {2019},
	publisher = {Institutional Investor Journals Umbrella}
}

@misc{binance2024,
	author = {Binance Research},
	title = {Key Trends in Crypto â€“ October 2024},
	howpublished = {\url{https://www.binance.com/en/blog/crypto/key-trends-in-crypto-october-2024}},
	year = {2024},
	note = {[Online; accessed 19-Oct-2024]}
}

@misc{coingecko2024,
	author = {CoinGecko},
	title = {DeFi Trends to Watch in 2024},
	howpublished = {\url{https://www.coingecko.com/en/article/defi-trends-2024}},
	year = {2024},
	note = {[Online; accessed 19-Oct-2024]}
}

@inproceedings{victormeasuring,
	title = {Measuring Ethereum-based ERC20 Token Networks},
	author = {Victor, Friedhelm and L{\"u}ders, Bianca Katharina},
	booktitle = {International Conference on Financial Cryptography and Data Security},
	year = {2019}
}

@Misc{EIP777,
	author = {Dafflon, Jacques and Baylina, Jordi and Shababi, Thomas},
	title = {{EIP 777: A New Advanced Token Standard}},
	howpublished = {\url{https://eips.ethereum.org/EIPS/eip-777}},
	month = nov,
	year = {2017},
	note = {[Online; accessed 12-Jan-2019]},
}

@article{frowis2018detecting,
	title = {Detecting Token Systems on Ethereum},
	author = {Fr{\"o}wis, Michael and Fuchs, Andreas and B{\"o}hme, Rainer},
	journal = {arXiv preprint arXiv:1811.11645},
	year = {2018}
}

@article{liebi2020effect,
	title = {The effect of ETFs on financial markets: a literature review},
	author = {Liebi, Luca J},
	journal = {Financial Markets and Portfolio Management},
	volume = {34},
	number = {2},
	pages = {165--178},
	year = {2020},
	publisher = {Springer}
}

@article{hill2009understanding,
	title = {Understanding returns of leveraged and inverse funds},
	author = {Hill, Joanne and Foster, George},
	journal = {Journal of Indexes},
	volume = {12},
	number = {5},
	pages = {40--58},
	year = {2009}
}

@article{cheng2009dynamics,
	title = {The dynamics of leveraged and inverse exchange-traded funds},
	author = {Cheng, Minder and Madhavan, Ananth},
	journal = {Journal of investment management},
	volume = {16},
	number = {4},
	pages = {43},
	year = {2009}
}

@misc{SEC,
	author = {U.S. Securities and Exchange Commission},
	howpublished = {\url{https://www.sec.gov/investor/pubs/leveragedetfs-alert}},
	title = {Leveraged and Inverse ETFs: Specialized Products with Extra Risks for Buy-and-Hold Investors},
	note = {[Online; accessed 02-May-2023]},
	year = {2023},
	month = {Feb}
}

@article{wided2019properties,
	title = {On the Properties of Leveraged ETFs},
	author = {Wided, KOUT},
	journal = {idea},
	volume = {2},
	pages = {2},
	year = {2019}
}

@article{lettau2018exchange,
	title = {Exchange-traded funds 101 for economists},
	author = {Lettau, Martin and Madhavan, Ananth},
	journal = {Journal of Economic Perspectives},
	volume = {32},
	number = {1},
	pages = {135--154},
	year = {2018},
	publisher = {American Economic Association 2014 Broadway, Suite 305, Nashville, TN 37203-2418}
}

@misc{Top_ETF_Issuer,
	author = {Statista},
	howpublished = {\url{https://www.statista.com/statistics/294411/market-share-etf-providers-in-the-us/}},
	title = {Market share of largest providers of Exchange Traded Funds (ETFs) in the United States as of September 2022},
	note = {[Online; accessed 13-May-2023]},
	year = {2023},
	month = {May}
}

@misc{Investo_SP500,
	author = {Will Kenton},
	howpublished = {\url{https://www.investopedia.com/terms/s/sp500.asp}},
	title = {S\&P 500 Index: What Itâ€™s for and Why Itâ€™s Important in Investing},
	note = {[Online; accessed 24-Mar-2024]},
	year = {2023},
	month = {Sep}
}

@misc{Investo_Volatility,
	author = {Adam Hayes},
	howpublished = {\url{https://www.investopedia.com/terms/v/volatility.asp}},
	title = {Volatility: Meaning In Finance and How it Works with Stocks},
	note = {[Online; accessed 19-May-2023]},
	year = {2023},
	month = {Mar}
}

@article{tsalikis2019can,
	title = {Can shorting leveraged exchange-traded fund pairs be a profitable trade?},
	author = {Tsalikis, George and Papadopoulos, Simeon},
	journal = {Journal of Investment Strategies},
	year = {2019}
}

@misc{SeekingAlpha_Volatility,
	author = {Sam Pittman},
	howpublished = {\url{https://seekingalpha.com/instablog/659612-sampittman/73533-volatility-drag-what-is-it-what-s-it-doing-to-my-wealth-and-how-do-i-curb-it}},
	title = {Volatility Drag: What is it? What is it doing to my wealth? And how do I curb it?},
	note = {[Online; accessed 19-May-2023]},
	year = {2010},
	month = {May}
}

@article{giese2010performance,
	title = {On the performance of leveraged and optimally leveraged investment funds},
	author = {Giese, Guido},
	journal = {Available at SSRN 1510344},
	year = {2010}
}

@article{trainor2011daily,
	title = {Daily vs. monthly rebalanced leveraged funds},
	author = {Trainor Jr, William},
	journal = {Journal of Finance and Accountancy},
	volume = {6},
	pages = {1},
	year = {2011},
	publisher = {Academic and Business Research Institute (AABRI)}
}

@misc{SolidityDoc,
	author = {Ethereum},
	howpublished = {\url{https://solidity.readthedocs.io/en/latest/}},
	month = {Jan},
	title = {Solidity documentation},
	year = {2020}
}
	
@inproceedings{Vyper1,
	author = {Kaleem, Mudabbir and Mavridou, Anastasia and Laszka, Aron},
	booktitle = {Proceedings of the 2nd Conference on Blockchain Research and Applications for Innovative Networks and Services (BRAINS 2020)},
	month = {Jun},
	title = {Vyper: A Security Comparison with Solidity Based on Common Vulnerabilities},
	year = {2020}
}

@misc{VyperReadme,
	author = {Vyper},
	howpublished = {\url{https://github.com/vyperlang/vyper}},
	month = {Apr},
	title = {Pythonic Smart Contract Language for the EVM},
	year = {2021}
}

@misc{Crytic,
	author = {Trail of Bits},
	howpublished = {\url{https://blog.trailofbits.com/2019/10/24/watch-your-language-our-first-vyper-audit/}},
	month = {Oct},
	title = {Watch Your Language: Our First Vyper Audit},
	year = {2019}
}

@article{khomyn2020value,
	title = {The value of ETF liquidity},
	author = {Khomyn, Marta and Putni{\c{n}}{\v{s}}, T{\ = a}lis J and Zoican, Marius},
	journal = {European Finance Association},
	year = 2020
}

@article{szpruch2024leveraged,
	title = {Leveraged Trading Via Lending Platforms},
	author = {Szpruch, Lukasz and Xu, Jiahua and Sabate-Vidales, Marc and Aouane, Kamel},
	journal = {Available at SSRN},
	year = 2024
}

@article{Sullivan_2009,
	title = {The Pitfalls of Leveraged and Inverse ETFs},
	author = {Rodney Sullivan},
	journal = {CFA Institute Magazine},
	volume = {20},
	pages = {12},
	year = 2009,
	doi = {10.2469/CFM.V20.N3.5}
}

@misc{Alethio,
	author = {Alethio Reporting},
	howpublished = {\url{https://reports.aleth.io/}},
	month = {Jul},
	title = {Generate meaningful knowledge from Ethereum},
	year = {2020},
	note = {[Online; accessed 25-Feb-2020]}
}

@misc{Incremental_Research,
	author = {Wikipedia},
	title = {Incremental Research},
	howpublished = {\url{https://en.wikipedia.org/wiki/Incremental_research}},
	note = {[Online; accessed 02-Oct-2023]}
}

@misc{eip2612,
	author = {Martin Lundfall},
	title = {ERC-2612: Permit Extension for EIP-20 Signed Approvals},
	year = {2020},
	howpublished = {\url{https://eips.ethereum.org/EIPS/eip-2612}},
	note = {[Online; accessed 05-Oct-2024]}
}

@misc{Ethereum_AA,
	author = {Ethereum Documentation},
	title = {Account Abstraction},
	year = {2024},
	howpublished = {\url{https://ethereum.org/en/roadmap/account-abstraction/}},
	note = {[Online; accessed 05-May-2024]}
}

@misc{monolithdao2017,
	author = {Peter Vessenes},
	title = {MonolithDAO Token Contract},
	year = {2017},
	howpublished = {GitHub repository},
	url = {https://github.com/MonolithDAO/token/blob/master/src/Token.sol},
	note = {Accessed: 2024-02-11}
}

@misc{erc20_ui_mitigation,
	author = {Ethereum Community},
	title = {Resolution on the EIP20 API Approve / TransferFrom Multiple Withdrawal Attack},
	year = {2017},
	howpublished = {GitHub Issue Discussion},
	url = {https://github.com/ethereum/EIPs/issues/738},
	note = {Accessed: 2024-02-11}
}

@misc{cas_wikipedia,
	author = {Wikipedia Contributors},
	title = {Compare-and-Swap},
	year = {2018},
	howpublished = {Wikipedia, The Free Encyclopedia},
	url = {https://en.wikipedia.org/wiki/Compare-and-swap},
	note = {Accessed: 2024-02-11}
}

@article{ethereum_security_survey,
	author = {Huashan Chen and Marcus Pendleton and Laurent Njilla and Shouhuai Xu},
	title = {A Survey on Ethereum Systems Security: Vulnerabilities, Attacks, and Defenses},
	journal = {arXiv},
	volume = {1908.04507},
	year = {2019},
	url = {https://arxiv.org/pdf/1908.04507.pdf}
}

@article{dao_attack,
	author = {Kevin Finley},
	title = {A \$50 Million Hack Just Showed That The DAO Was All Too Human},
	journal = {Wired},
	year = {2016},
	url = {https://www.wired.com/2016/06/50-million-hack-just-showed-dao-human/},
	note = {Accessed: 2024-02-11}
}

@misc{batch_overflow,
	author = {PeckShield},
	title = {Alert: New BatchOverflow Bug in Multiple ERC20 Smart Contracts},
	year = {2018},
	url = {https://blog.peckshield.com/2018/04/22/batchOverflow/},
	note = {Accessed: 2024-02-11}
}

@article{rahimian2019multiple,
	author = {Reza Rahimian and Sina Eskandari and Jeremy Clark},
	title = {Resolving the Multiple Withdrawal Attack on ERC20 Tokens},
	journal = {arXiv},
	volume = {1907.00903},
	year = {2019},
	url = {https://arxiv.org/abs/1907.00903}
}

@misc{openzeppelin_safemath,
	author = {OpenZeppelin},
	title = {SafeMath Library for Solidity},
	year = {2020},
	url = {https://github.com/OpenZeppelin/openzeppelin-contracts/blob/master/contracts/math/SafeMath.sol},
	note = {Accessed: 2024-02-11}
}

@misc{openzeppelin_erc20,
	author = {OpenZeppelin},
	title = {ERC-20 Token Standard Implementation},
	year = {2020},
	url = {https://github.com/OpenZeppelin/openzeppelin-contracts/blob/master/contracts/token/ERC20/ERC20.sol},
	note = {Accessed: 2024-02-11}
}

@article{trainor2010,
	author = {William Trainor},
	title = {Do Leveraged ETFs Increase Volatility?},
	journal = {Technology and Investment},
	year = {2010},
	volume = {1},
	pages = {215â€“220},
	doi = {10.4236/ti.2010.13026}
}

@article{guedj2010,
	author = {Ilan Guedj and Guohua Li and Craig Mccann},
	title = {Leveraged and Inverse ETFs, Holding Periods, and Investment Shortfalls},
	journal = {The Journal of Index Investing},
	year = {2010},
	volume = {1},
	number = {3},
	pages = {45â€“57},
	doi = {10.3905/jii.2010.1.3.045}
}

@article{mackintosh2008,
	author = {P. Mackintosh},
	title = {Double Trouble},
	journal = {ETF and Indexing},
	year = {2008},
	pages = {25â€“31}
}

@article{cheng2010,
	author = {Minder Cheng and Ananth Madhavan},
	title = {The Dynamics of Leveraged and Inverse Exchange-Traded Funds},
	journal = {Journal of Investment Management},
	year = {2010},
	volume = {7}
}

@article{charupat2011,
	author = {Narat Charupat and Peter Miu},
	title = {The Pricing and Performance of Leveraged Exchange-Traded Funds},
	journal = {Journal of Banking \& Finance},
	year = {2011},
	volume = {35},
	pages = {966â€“977},
	doi = {10.1016/j.jbankfin.2010.09.012}
}

@article{cheng2009,
	author = {Minder Cheng and Ananth Madhavan},
	title = {The Dynamics of Leveraged and Inverse Exchange-Traded Funds},
	journal = {Journal of Investment Management},
	year = {2009},
	volume = {16},
	number = {4},
	pages = {43}
}

@article{hill2009,
	author = {Joanne Hill and George Foster},
	title = {Understanding Returns of Leveraged and Inverse Funds},
	journal = {Journal of Indexes},
	year = {2009},
	volume = {12},
	number = {5},
	pages = {40â€“58}
}

@article{leung2012,
	author = {Tim Leung and Marco Santoli},
	title = {Leveraged ETFs: Admissible Leverage and Risk Horizon},
	journal = {SSRN Electronic Journal},
	year = {2012},
	doi = {10.2139/ssrn.2172096}
}

@article{rompotis2016,
	author = {Gerasimos Rompotis},
	title = {Return and Volatility of Emerging Markets Leveraged ETFs},
	journal = {Journal of Asset Management},
	year = {2016},
	volume = {17},
	pages = {165â€“194},
	doi = {10.1057/jam.2016.2}
}

@article{shum2016,
	author = {Pauline Shum and Walid Hejazi and Edgar Haryanto and Arthur Rodier},
	title = {Intraday Share Price Volatility and Leveraged ETF Rebalancing},
	journal = {Review of Finance},
	year = {2016},
	volume = {20},
	number = {6},
	pages = {2379â€“2409}
}

@article{kout2019,
	author = {KOUT Wided},
	title = {On the Properties of Leveraged ETFs},
	journal = {IDEA},
	year = {2019},
	volume = {2},
	number = {2}
}

@article{werner2022,
	author = {Sam Werner and Daniel Perez and Lewis Gudgeon and Ariah Klages-Mundt and Dominik Harz and William Knottenbelt},
	title = {SoK: Decentralized Finance (DeFi)},
	journal = {Proceedings of the 4th ACM Conference on Advances in Financial Technologies},
	year = {2022},
	pages = {30â€“46}
}

@inproceedings{zhang2020survey,
	author = {L. Zhang and Y. Chen and Z. Xu},
	title = {A Survey of Smart Contract Vulnerabilities and Their Mitigation in Ethereum},
	booktitle = {Proceedings of the 2020 IEEE International Conference on Blockchain and Cryptocurrency (ICBC)},
	year = {2020},
	pages = {114-121},
	publisher = {IEEE},
	doi = {10.1109/ICBC49057.2020.00030},
	url = {https://ieeexplore.ieee.org/document/9243064}
}

@misc{nvivo,
	author = {QSR International},
	title = {NVivo},
	year = {2023},
	howpublished = {\url{https://help-nv.qsrinternational.com/14/win/Content/about-nvivo/about-nvivo.htm}},
	note = {Accessed: 2025-02-12}
}
